@article{falgout2014parallel,
  title={Parallel Time Integration with Multigrid Reduction for a Compressible Fluid Dynamics Application},
  author={Falgout, RD and Katz, A and Kolev, Tz V and Schroder, JB and Wissink, AM and Yang, UM},
  year={2014},
  journal={Submitted to JCP}
}